<collection xmlns="http://www.loc.gov/MARC21/slim">
<record>
  <leader>01248nam0a2200265 i 450 </leader>
  <controlfield tag="001">IT\ICCU\CNCE\010900</controlfield>
  <controlfield tag="005">20131126000000.0</controlfield>
  <datafield tag="012" ind1=" " ind2=" ">
    <subfield code="a">n-ne m.is *omq anst (3) 1597 (R)</subfield>
    <subfield code="2">fei</subfield>
  </datafield>
  <datafield tag="100" ind1=" " ind2=" ">
    <subfield code="a">19970101d1597        0itac0103    ba</subfield>
  </datafield>
  <datafield tag="101" ind1=" " ind2=" ">
    <subfield code="a">LAT</subfield>
  </datafield>
  <datafield tag="102" ind1=" " ind2=" ">
    <subfield code="a">IT</subfield>
  </datafield>
  <datafield tag="200" ind1="1" ind2=" ">
    <subfield code="a">℗Q. Horatii Flacci ℗Poemata Federici Ceruti Veronensis locupletissima paraphrasi illustrata. Editio postrema, et auctior</subfield>
  </datafield>
  <datafield tag="210" ind1=" " ind2=" ">
    <subfield code="a">Veronae</subfield>
    <subfield code="c">apud Petrum Diserolum</subfield>
    <subfield code="c">aere</subfield>
    <subfield code="d">&amp; cura Andreae Bochini haeredum</subfield>
    <subfield code="d">1597</subfield>
  </datafield>
  <datafield tag="215" ind1=" " ind2=" ">
    <subfield code="a">\8!, 244 p.</subfield>
    <subfield code="d">4ʻ</subfield>
  </datafield>
  <datafield tag="620" ind1=" " ind2=" ">
    <subfield code="a">IT</subfield>
    <subfield code="d">Verona</subfield>
  </datafield>
  <datafield tag="700" ind1=" " ind2="1">
    <subfield code="a">Ceruti,</subfield>
    <subfield code="b">Federico</subfield>
    <subfield code="3">IT\ICCU\CNCA\002940</subfield>
  </datafield>
  <datafield tag="712" ind1="0" ind2="0">
    <subfield code="a">Diserolo, Pietro</subfield>
    <subfield code="3">IT\ICCU\CNCT\000538</subfield>
    <subfield code="4">650</subfield>
  </datafield>
  <datafield tag="712" ind1="0" ind2="0">
    <subfield code="a">Bocchino, Andrea - eredi</subfield>
    <subfield code="3">IT\ICCU\CNCT\000539</subfield>
    <subfield code="4">650</subfield>
  </datafield>
  <datafield tag="790" ind1=" " ind2="1">
    <subfield code="a">Cerutus,</subfield>
    <subfield code="b">Federicus</subfield>
    <subfield code="3">IT\ICCU\CNCA\026262</subfield>
    <subfield code="z">Ceruti, Federico</subfield>
  </datafield>
  <datafield tag="791" ind1="0" ind2="0">
    <subfield code="a">Diserolus, Petrus</subfield>
    <subfield code="3">IT\ICCU\CNCT\004704</subfield>
    <subfield code="z">Diserolo, Pietro</subfield>
  </datafield>
  <datafield tag="791" ind1="0" ind2="0">
    <subfield code="a">Disarolo, Pietro</subfield>
    <subfield code="3">IT\ICCU\CNCT\004705</subfield>
    <subfield code="z">Diserolo, Pietro</subfield>
  </datafield>
  <datafield tag="801" ind1=" " ind2="3">
    <subfield code="a">IT</subfield>
    <subfield code="b">ICCU</subfield>
    <subfield code="c">20201113</subfield>
  </datafield>
  <datafield tag="899" ind1=" " ind2=" ">
    <subfield code="a">Biblioteca nazionale Vittorio Emanuele III. Napoli</subfield>
    <subfield code="1">NA0079</subfield>
    <subfield code="2">NAP BN</subfield>
  </datafield>
  <datafield tag="911" ind1=" " ind2=" ">
    <subfield code="a">Sul front.</subfield>
    <subfield code="9">IT\ICCU\CNCM\000256</subfield>
  </datafield>
  <datafield tag="921" ind1=" " ind2=" ">
    <subfield code="a">IT\ICCU\CNCM\000256</subfield>
    <subfield code="b">Albero di noci. In cornice figurata</subfield>
    <subfield code="e">Verberibus fecunda.</subfield>
    <subfield code="c">V546</subfield>
    <subfield code="d">Dimensioni: 5,7 x 6</subfield>
    <subfield code="f">ALBERO</subfield>
    <subfield code="f">NOCI</subfield>
    <subfield code="f">VERBERIBUS</subfield>
    <subfield code="g">1589-1599</subfield>
  </datafield>
</record>
</collection>
